
@article{multiSBP,
    Author = {Jason E. Hicken and David C. {Del Rey Fern\'andez} and David W. Zingg},
    Journal = {SIAM Journal on Scientific Computing},
    Number = {4},
    Pages = {A1935-A1958},
    Title = {Multi-dimensional Summation-By-Parts Operators: General Theory and Application to Simplex Elements},
    Volume = {38},
    year = {2016}
}

@article{Bassi2005,
    title = "Discontinuous Galerkin solution of the Reynolds-averaged Navier-Stokes and k-$\omega$ turbulence model equations ",
    journal = "Computers \& Fluids",  
    volume = "34",
    number = "4-5",
    pages = "507 - 540",
    year = "2005",
    issn = "0045-7930",
    doi = "http://dx.doi.org/10.1016/j.compfluid.2003.08.004",
    url = "http://www.sciencedirect.com/science/article/pii/S0045793004000374",
    author = "Francesco Bassi and Andrea Crivellini and Stefano Rebay and Marco Savini"
}

@article{Arnold2002,
    title={Unified analysis of discontinuous Galerkin methods for elliptic problems},
    author={Arnold, Douglas N and Brezzi, Franco and Cockburn, Bernardo and Marini, L Donatella},
    journal={SIAM journal on numerical analysis},
    volume={39},
    number={5},
    pages={1749--1779},
    year={2002},
    publisher={SIAM}
}

@article{Shahbazi2005explicit,
    author = {Shahbazi, Khosro},
    citeulike-article-id = {14186994},
    citeulike-linkout-0 = {http://dx.doi.org/10.1016/j.jcp.2004.11.017},
    doi = {10.1016/j.jcp.2004.11.017},
    issn = {00219991},
    journal = {Journal of Computational Physics},
    keywords = {dg, sat},
    month = may,
    number = {2},
    pages = {401--407},
    posted-at = {2016-11-18 20:42:04},
    priority = {0},
    title = {{An explicit expression for the penalty parameter of the interior penalty method}},
    url = {http://dx.doi.org/10.1016/j.jcp.2004.11.017},
    volume = {205},
    year = {2005}
}